/Users/rwb/Dropbox/PhD/literature/research/macbib.bib